@BOOK{johnsbook,
AUTHOR="John Doe",
TITLE="The Book without Title",
PUBLISHER="Dummy Publisher",
YEAR="2100",
}
@ARTICLE{VELLAGE:1,
AUTHOR="Claudio Vellage",
TITLE="A quick start to \LaTeX{}",
YEAR="2013",
PUBLISHER="",
}
